% This file was created with JabRef 2.10.
% Encoding: UTF-8


@Misc{cavar2016a,
  Title                    = {The Free Linguistic Environment},

  Author                   = {Damir Cavar},
  HowPublished             = {Paper presented at the Natural Language Processing Seminar, Linguistic Engineering Group at the Institute of Computer Science, Polish Academy of Sciences (ICS PAS)},
  Month                    = {May},
  Year                     = {2016},

  Address                  = {Warsaw, Poland},
  Url                      = {http://gorilla.linguistlist.org/fle/}
}

